@INPROCEEDINGS{crick+sentance:2011,
  author = {Tom Crick and Sue Sentance},
  title = {{Computing At School: Stimulating Computing Education in the UK}},
  booktitle = {{Proceedings of the 11th Koli Calling International Conference on
	Computing Education Research}},
  year = {2011},
  pages = {122-123},
  publisher = {ACM}
}

@INPROCEEDINGS{brown-et-al:sigcse2013,
  author = {Neil C. C. Brown and Michael K\"{o}lling and Tom Crick and Simon {Peyton Jones} and Simon Humphreys and Sue Sentance},
  title = {{Bringing Computer Science Back Into Schools: Lessons from the UK}},
  booktitle = {{Proceedings of the 44th ACM Technical Symposium on Computer Science Education (SIGCSE 2013)}},
  year = {2013},
  publisher = {ACM},
  pages = {269--274}
}

@ARTICLE{brown-et-al:toce2014,
  author = {Neil C. C. Brown and Sue Sentance and Tom Crick and Simon Humphreys},
  title = {{Restart: The Resurgence of Computer Science in UK Schools}},
  journal = {{ACM Transactions on Computer Science Education}},
  year = {2014},
  volume = {14},
  number = {2},
  pages = {1--22},
  publisher = {ACM}
}

@INPROCEEDINGS{crick+moller:wipsce2015,
  author =       {Tom Crick and Faron Moller},
  title =        {{Technocamps: Advancing Computer Science Education in Wales}},
  booktitle =    {{Proceedings of 10th International Workshop in Primary and Secondary Computing Education (WiPSCE 2015)}},
  pages =        {121--126},
  year =         {2015},
  publisher =    {ACM}
}

@Article{moller+crick:jce2018,
  author = 	 {Faron Moller and Tom Crick},
  title = 	 {{A University-Based Model for Supporting Computer Science Curriculum Reform}},
  journal = 	 {{Journal of Computers in Education}},
  year = 	 {2018},
  publisher =    {Springer},
  pages =        {1-20}
}
